@article{stonebraker2013voltdb,
  title={The VoltDB Main Memory DBMS.},
  author={Stonebraker, Michael and Weisberg, Ariel},
  journal={IEEE Data Eng. Bull.},
  volume={36},
  number={2},
  pages={21--27},
  year={2013}
}

@manual {Redis,
	title = "Redis",
	note = "\url{https://redis.io/}"
}

@manual {Memcached,
	title = "Memcached",
	note = "\url{https://memcached.org/}"
}

@inproceedings{venkataraman2011consistent,
  title={Consistent and Durable Data Structures for Non-Volatile Byte-Addressable Memory.},
  author={Venkataraman, Shivaram and Tolia, Niraj and Ranganathan, Parthasarathy and Campbell, Roy H and others},
  booktitle={FAST},
  volume={11},
  pages={61--75},
  year={2011}
}

@inproceedings{dulloor2016data,
  title={Data tiering in heterogeneous memory systems},
  author={Dulloor, Subramanya R and Roy, Amitabha and Zhao, Zheguang and Sundaram, Narayanan and Satish, Nadathur and Sankaran, Rajesh and Jackson, Jeff and Schwan, Karsten},
  booktitle={Proceedings of the Eleventh European Conference on Computer Systems},
  pages={15},
  year={2016},
  organization={ACM}
}

@inproceedings{kannan2017heteroos,
  title={Heteroos: Os design for heterogeneous memory management in datacenter},
  author={Kannan, Sudarsun and Gavrilovska, Ada and Gupta, Vishal and Schwan, Karsten},
  booktitle={ACM SIGARCH Computer Architecture News},
  volume={45},
  number={2},
  pages={521--534},
  year={2017},
  organization={ACM}
}